<?xml version="1.0" encoding="UTF-8"?><collection xmlns="http://www.loc.gov/MARC21/slim"><record><leader>00538nam--2200169-i-4500</leader><controlfield tag="001">000033484</controlfield><controlfield tag="002">20161230</controlfield><controlfield tag="005">20161230201039</controlfield><controlfield tag="008">060222s1000------------r-----000-0-eng-d</controlfield><datafield ind1=" " ind2=" " tag="040"><subfield code="a">IFIN-HH</subfield></datafield><datafield ind1=" " ind2=" " tag="080"><subfield code="a">536.48:535.35</subfield></datafield><datafield ind1="1" ind2=" " tag="100"><subfield code="a">Meyer, Beat</subfield></datafield><datafield ind1="1" ind2="0" tag="245"><subfield code="a">Low temperature spectroscopy</subfield><subfield code="b">Optical properties of molecules in matrices, mixed crystals and frozen solutions</subfield><subfield code="c">Beat meyer</subfield></datafield><datafield ind1=" " ind2=" " tag="260"><subfield code="a">New York</subfield><subfield code="b">American Elsevier Publishing Company, Inc</subfield><subfield code="c">1971</subfield></datafield><datafield ind1=" " ind2=" " tag="300"><subfield code="a">XI + 653P</subfield></datafield><datafield ind1=" " ind2=" " tag="852"><subfield code="a">36015</subfield><subfield code="c">535.33</subfield></datafield><datafield ind1=" " ind2=" " tag="CAT"><subfield code="a">Sys</subfield><subfield code="c">20101206</subfield><subfield code="h">103347</subfield></datafield></record></collection>